<?xml version="1.0" encoding="UTF-8"?><collection xmlns="http://www.loc.gov/MARC21/slim"><record><leader>00363nam--2200121-i-4500</leader><controlfield tag="001">000033199</controlfield><controlfield tag="002">20161230</controlfield><controlfield tag="005">20161230201039</controlfield><controlfield tag="008">060222s1000------------r-----000-0-eng-d</controlfield><datafield ind1=" " ind2=" " tag="080"><subfield code="a">543.53:541.28</subfield></datafield><datafield ind1=" " ind2=" " tag="245"><subfield code="a">Methods of radiochemical analysis.published under the auspices of fao, iaea and who</subfield></datafield><datafield ind1=" " ind2=" " tag="260"><subfield code="a">Geneva, World Health Organization, 1966. 163p</subfield></datafield><datafield ind1=" " ind2=" " tag="852"><subfield code="a">27445</subfield></datafield></record></collection>